% Encoding: UTF-8

@INBOOK{Grabar1959Horace,
  author = {М. Е. Грабарь-Пассек},
  title = {Гораций},
  pages = {381--417},
  crossref = {RomLit1959},
  owner = {victor},
  timestamp = {2014.03.18}
}

@INBOOK{Grabar1960DioChrys,
  author = {М. Е. Грабарь-Пассек},
  title = {Дион Хрисостом},
  pages = {210--214},
  crossref = {GreekLit1960},
  owner = {victor},
  timestamp = {2014.03.19}
}

@INBOOK{Pokrovskaya1983,
  author = {Л. В. Покровская},
  title = {Земледельческая обрядность},
  pages = {67--89},
  crossref = {Calendar1983},
  owner = {victor},
  timestamp = {2014.04.24}
}

@INBOOK{Serov1983,
  author = {С. Я. Серов},
  title = {Календарный праздник и его место в европейской народной культуре},
  pages = {39--54},
  crossref = {Calendar1983},
  owner = {victor},
  timestamp = {2014.04.24}
}

@INBOOK{Sobolevsky1959Livius,
  author = {С. И. Соболевский},
  title = {Тит Ливий},
  pages = {471--491},
  crossref = {RomLit1959},
  owner = {victor},
  timestamp = {2014.03.18}
}

@INBOOK{Sobolevsky1960DioCass,
  author = {С. И. Соболевский},
  title = {Дион Кассий Коккейан},
  pages = {198--201},
  crossref = {GreekLit1960},
  owner = {victor},
  timestamp = {2014.03.18}
}

@INBOOK{Sobolevsky1960DionHal,
  author = {С. И. Соболевский},
  title = {Дионисий Галикарнасский},
  pages = {156--167},
  crossref = {GreekLit1960},
  owner = {victor},
  timestamp = {2014.03.18}
}

@INBOOK{Sobolevsky1962AurVict,
  author = {С. И. Соболевский},
  title = {Аврелий Виктор},
  pages = {426--428},
  crossref = {RomLit1962},
  owner = {victor},
  timestamp = {2014.03.18}
}

@INBOOK{Sobolevsky1962SHA,
  author = {С. И. Соболевский},
  title = {Шесть писателей истории августов},
  pages = {420--426},
  crossref = {RomLit1962},
  owner = {victor},
  timestamp = {2014.03.18}
}

@INBOOK{SobolGrabar1962ProsImp,
  author = {С. И. Соболевский and М. Е. Грабарь-Пассек},
  title = {Прозаическая литература при первых императорах},
  pages = {35--62},
  crossref = {RomLit1962},
  owner = {victor},
  timestamp = {2014.03.18}
}

@INBOOK{SobolPetrovsk1962ProsAugust,
  author = {С. И. Соболевский and Ф. А. Петровский},
  title = {Второстепенные прозаики эпохи Августа},
  pages = {492--513},
  crossref = {RomLit1959},
  owner = {victor},
  timestamp = {2014.03.18}
}

@BOOK{Altheim1938,
  author = {Franz Altheim},
  title = {A History of Roman Religion},
  year = {1938},
  address = {London},
  hyphenation = {english},
  owner = {victor},
  timestamp = {2013.07.31}
}

@PHDTHESIS{Arya2002,
  author = {Darius Andre Arya},
  title = {The Goddess Fortuna in Imperial Rome: Cult, Art, Text},
  school = {The University of Texas at Austin},
  year = {2002},
  hyphenation = {english},
  language = {english},
  owner = {victor},
  shorttitle = {The goddess Fortuna},
  timestamp = {2013.10.10}
}

@BOOK{Aust1889,
  author = {A. Aust},
  title = {De aedibus sacris populi Romani inde a primis liberae rei publicae
	temporibus usque ad Augusti imperatoris aetatem Romae conditis},
  year = {1889},
  address = {Marburg},
  hyphenation = {latin},
  shorttitle = {De aedibus},
  owner = {victor},
  timestamp = {2013.07.31}
}

@BOOK{Axtell1907,
  author = {H. L. Axtell},
  title = {The Deification of Abstract Ideas in Roman Literature and Inscriptions},
  year = {1907},
  address = {Chicago},
  hyphenation = {english},
  shorttitle = {The deification of abstract ideas},
  owner = {victor},
  timestamp = {2013.07.31}
}

@BOOK{Bailey1932,
  author = {C. Bailey},
  title = {Phases in the Religion of Ancient Rome},
  year = {1932},
  address = {California},
  hyphenation = {english},
  owner = {victor},
  timestamp = {2013.07.04}
}

@BOOK{Barrow1967,
  author = {R. H. Barrow},
  title = {Plutarch and his Times},
  year = {1967},
  address = {London},
  hyphenation = {english},
  owner = {victor},
  timestamp = {2013.08.02}
}

@BOOK{Becker1843I,
  author = {Wilhelm Adolf Becker},
  title = {Handbuch der r\"{o}mischen Alterth\"{u}mer nach den Quellen bearbeitet},
  volume = {I},
  year = {1843},
  address = {Leipzig},
  hyphenation = {german},
  shorttitle = {Handbuch~\textellipsis\isdot},
  owner = {victor},
  timestamp = {2013.07.31}
}

@BOOK{Carter1898,
  author = {Jessie B. Carter},
  title = {De deorum romanorum cognominibus. Quaestiones selectae},
  year = {1898},
  address = {Halis Saxonum},
  hyphenation = {english},
  shorttitle = {De deorum romanorum cognominibus},
  owner = {victor},
  timestamp = {2013.07.31}
}

@BOOK{Champeaux1987,
  author = {Jacqueline Champeaux},
  title = {Les transformations de Fortuna sous la R\'{e}publique},
  volume = {II},
  year = {1987},
  address = {Roma},
  hyphenation = {french},
  maintitle = {Fortuna. Recherches sur le culte de la Fortune \'{a} Rome et dans
	le monde Romain des origines \'{a} la mort de C\`{e}sar},
  owner = {victor},
  timestamp = {2013.10.05}
}

@BOOK{Champeaux1982,
  author = {Jacqueline Champeaux},
  title = {Fortuna dans la religion archa\"{i}que},
  volume = {I},
  year = {1982},
  address = {Roma},
  hyphenation = {french},
  maintitle = {Fortuna. Recherches sur le culte de la Fortune \'{a} Rome et dans
	le monde Romain des origines \'{a} la mort de C\`{e}sar},
  owner = {victor},
  timestamp = {2013.10.05}
}

@BOOK{Clark2007,
  author = {Anna J. Clark},
  title = {Divine Qualities. Cult and Community in Republican Rome},
  year = {2007},
  address = {Oxford},
  hyphenation = {english},
  shorttitle = {Divine Qualities},
  owner = {victor},
  timestamp = {2013.07.31}
}

@ARTICLE{Colini1938,
  author = {A. M. Colini},
  title = {Zona dei Fori Olitorio e Boario},
  journal = {Bullettino della Commissione Archeologica Comunale di Roma},
  year = {1938},
  pages = {279--82},
  hyphenation = {italian},
  number = {66},
  owner = {victor},
  timestamp = {2014.03.19}
}

@BOOK{Dumezil1974,
  author = {George Dum\'{e}zil},
  title = {La religion romaine archa\"{i}que avec un appendice sur la religion
	des \'{E}trusques},
  year = {1974},
  address = {Paris},
  hyphenation = {french},
  shorttitle = {La religion roma\"{\i{}}ne archaique},
  owner = {victor},
  timestamp = {2013.10.05}
}

@BOOK{Dumezil1943,
  author = {Dum\'{e}zil, G.},
  title = {Servius et la fortune: essai sur la fonctíon sociale de louange et
	de bl\^{a}me et sur les \'{e}l\'{e}ments indo-europ\'{e}ens du cens
	romain},
  year = {1943},
  hyphenation = {french},
  owner = {victor},
  timestamp = {2014.04.19}
}

@BOOK{Ferguson1970,
  author = {J. Ferguson},
  title = {The Religions of the Roman Empire},
  year = {1970},
  address = {Southampton},
  hyphenation = {english},
  owner = {victor},
  timestamp = {2013.07.04}
}

@BOOK{Frazer1911II,
  author = {J. Frazer},
  title = {The Golden Bough},
  volume = {II},
  year = {1911},
  address = {L.},
  hyphenation = {english},
  owner = {victor},
  timestamp = {2013.10.10}
}

@INBOOK{Britannica15_1978,
  author = {Michael Grant},
  title = {Roman Religion},
  booktitle = {The New Encyclop\ae{}dia Britannica},
  address = {Chicago and London and Toronto and Geneva and Sydney and Tokyo and
	Manila and Seoul},
  year = {1978},
  pages = {1059--1066},
  hyphenation = {english},
  volume = {15},
  owner = {victor},
  timestamp = {2013.10.26},
  volumes = {30}
}

@BOOK{Hartung1836,
  author = {J. Hartung},
  title = {Die Religion der R\"{o}mer},
  year = {1836},
  address = {Erlangen},
  hyphenation = {german},
  owner = {victor},
  part = {II},
  timestamp = {2013.07.31}
}

@INBOOK{Kajanto1981,
  author = {Iiro Kajanto},
  title = {Fortuna},
  booktitle = {Aufstieg und Niedergang der r\"{o}mischen Welt},
  address = {Berlin--NY},
  year = {1981},
  pages = {502--558},
  hyphenation = {german},
  volume = {II},
  owner = {victor},
  part = {17.2},
  timestamp = {2013.10.10}
}

@BOOK{Kiepert1894,
  author = {Heinrich Kiepert},
  title = {Formae Orbis Antiqui},
  year = {1894},
  address = {Berlin},
  hyphenation = {german},
  owner = {victor},
  timestamp = {2014.05.16}
}

@BOOK{Latte1960,
  author = {K. Latte},
  title = {R\"{o}mische Religionsgeschichte},
  year = {1960},
  address = {M\"{u}nchen},
  hyphenation = {german},
  owner = {victor},
  timestamp = {2013.07.04}
}

@BOOK{Lipka2009,
  author = {Michael Lipka},
  title = {Roman Gods. A Conceptual Approach},
  year = {2009},
  address = {Leiden--Boston},
  hyphenation = {english},
  owner = {victor},
  timestamp = {2013.07.31}
}

@INBOOK{Mustakallio1990,
  author = {Katarina Mustakallio},
  title = {Some Aspects of the Story of Coriolanus and the Women Behind the
	Cult of Fortuna Muliebris},
  booktitle = {Roman Eastern Policy and Other Studies in Roman History},
  address = {Helsinki},
  year = {1990},
  pages = {125--131},
  hyphenation = {english},
  booksubtitle = {Proceedings of a Colloquium at Tvaerminne 2--3 October 1987},
  editor = {Heikki Solin and Mika Kajava},
  owner = {victor},
  timestamp = {2013.10.10}
}

@ARTICLE{Nordh1952,
  author = {Arvast Nordh},
  title = {Virtus and Fortuna in Florus},
  journal = {Eranos},
  year = {1952},
  pages = {111--128},
  hyphenation = {english},
  number = {50},
  owner = {victor},
  timestamp = {2013.10.10}
}

@BOOK{Orlin2002,
  author = {Eric M. Orlin},
  title = {Temples, Religion and Politics in the Roman Republic},
  year = {2002},
  address = {Boston and Leiden},
  hyphenation = {english},
  owner = {victor},
  timestamp = {2013.11.13}
}

@INBOOK{FortunaOtto1910,
  author = {Walter Otto},
  title = {Fortuna},
  booktitle = {Paulys Real-Encyclop\"{a}die der classischen Altertumswissenschaft},
  address = {Stuttgart},
  year = {1910},
  pages = {12--42},
  hyphenation = {german},
  volume = {10},
  shortbooktitle = {PRE},
  bookpagination = {column},
  owner = {victor},
  timestamp = {2013.10.26}
}

@INBOOK{Peter1890Fortuna,
  author = {R. Peter},
  title = {Fortuna},
  booktitle = {Ausf\"{u}hrlisches Lexikon der griechischen und r\"{o}mischen Mythologie},
  address = {Lpz.},
  year = {1890},
  pages = {1503--1558},
  hyphenation = {german},
  volume = {I},
  bookpagination = {column},
  bookauthor = {W.~H. Roscher},
  owner = {victor},
  pagination = {column},
  timestamp = {2013.10.10}
}

@BOOK{Preller1883,
  author = {L. Preller},
  title = {R\"{o}mische Mythologie},
  editor = {Jordan},
  volume = {II},
  year = {1883},
  address = {Berlin},
  hyphenation = {german},
  owner = {victor},
  timestamp = {2013.07.04}
}

@BOOK{Richardson1992,
  author = {L. Richardson},
  title = {A New Topographical Dictionary of Ancient Rome},
  year = {1992},
  address = {Baltimore and London},
  hyphenation = {english},
  owner = {victor},
  timestamp = {2013.10.05}
}

@BOOK{Rose1959,
  author = {H. J. Rose},
  title = {Greek and Roman Religion},
  year = {1959},
  address = {NY},
  hyphenation = {english},
  owner = {victor},
  timestamp = {2013.07.04}
}

@BOOK{Rose1924,
  author = {Rose, H. J.},
  title = {The Roman Questions of Plutarch},
  publisher = {Biblio \& Tannen Publishers},
  year = {1924},
  address = {NY},
  hyphenation = {english},
  credits = {a running commentary by H.~J.~Rose},
  owner = {victor},
  subtitle = {A New Translations with Introductory Essays},
  timestamp = {2014.05.22}
}

@BOOK{Scullard1981,
  author = {H. H. Scullard},
  title = {Festivals and Ceremonies of the Roman Republic},
  year = {1981},
  address = {London},
  hyphenation = {english},
  shorttitle = {Festivals and ceremonies},
  owner = {victor},
  timestamp = {2013.07.31}
}

@BOOK{Simon1990,
  author = {Erika Simon},
  title = {Die G\"{o}tter der R\"{o}mer},
  year = {1990},
  address = {M\"{u}nchen},
  hyphenation = {german},
  owner = {victor},
  timestamp = {2013.08.02}
}

@BOOK{Spamer1935,
  author = {A. Spamer},
  title = {Die deutsche Volkskunde},
  volume = {II},
  year = {1935},
  address = {Berlin},
  hyphenation = {german},
  owner = {victor},
  timestamp = {2014.04.24}
}

@BOOK{Stewart2003,
  author = {Peter Stewart},
  title = {Statues in Roman Society},
  year = {2003},
  address = {Oxford},
  hyphenation = {english},
  owner = {victor},
  timestamp = {2013.11.13}
}

@ARTICLE{Swain1989a,
  author = {S. C. R. Swain},
  title = {Plutarch: Chance, Providence and History},
  journal = {American journal of philology},
  volume = {110},
  pages = {272--302},
  hyphenation = {english},
  number = {2},
  address = {Baltimore},
  owner = {victor},
  timestamp = {2013.10.10}
}

@ARTICLE{Swain1989,
  author = {S. C. R. Swain},
  title = {Plutarch's ``De Fortuna romanorum''},
  journal = {Classical quarterly},
  year = {1989},
  volume = {39},
  pages = {504--516},
  hyphenation = {english},
  number = {2},
  address = {Oxford},
  owner = {victor},
  timestamp = {2013.10.10}
}

@ARTICLE{Terrenato2012,
  author = {N. Terrenato and P. Brocato and G. Caruso and A.M. Ramieri and H.W.
	Becker and I. Cangemi and G. Mantiloni and C. Regoli},
  title = {The S. Omobono Sanctuary in Rome: Assessing eighty years of fieldwork
	and exploring perspectives for the future},
  journal = {Internet Archaeology},
  year = {2012},
  hyphenation = {english},
  shorttitle = {The S. Omobono Sanctuary in Rome},
  url = {http://intarch.ac.uk/journal/issue31/1/index.html},
  issue = {31},
  owner = {victor},
  timestamp = {2014.03.20}
}

@BOOK{Volkmann1869,
  author = {Richard Volkmann},
  title = {Leben, Schriften und Philosophie des Plutarch von Chaeronea},
  year = {1869},
  address = {Berlin},
  hyphenation = {german},
  owner = {victor},
  timestamp = {2014.02.26}
}

@BOOK{Walsh1974,
  author = {P. Walsh},
  title = {Livy. His Historical Aims and Methods},
  year = {1974},
  address = {Camb.},
  hyphenation = {english},
  owner = {victor},
  timestamp = {2013.07.04}
}

@BOOK{Fowler1911,
  author = {W. {Warde Fowler}},
  title = {The Religious Experience of the Roman People from the Earliest Times
	to the Age of Augustus},
  year = {1911},
  address = {L.},
  hyphenation = {english},
  shorttitle = {The religious experience},
  owner = {victor},
  timestamp = {2013.10.12}
}

@BOOK{Fowler1899,
  author = {W. {Warde Fowler}},
  title = {The Roman Festivals of the Period of the Republic},
  year = {1899},
  address = {L.},
  hyphenation = {english},
  owner = {victor},
  timestamp = {2013.07.04}
}

@INBOOK{Tyche1915Wasser,
  author = {O. Waser},
  title = {Tyche},
  booktitle = {Ausf\"{u}hrlisches Lexikon der griechischen und r\"{o}mischen Mythologie},
  address = {Lpz.},
  year = {1915},
  pages = {1309--1380},
  hyphenation = {german},
  volume = {IV},
  bookpagination = {column},
  bookauthor = {W.~H. Roscher},
  owner = {victor},
  pagination = {column},
  timestamp = {2014.05.02}
}

@BOOK{Wissowa1902,
  author = {G. Wissowa},
  title = {Religion {und} Kultus der R\"{o}mer},
  year = {1902},
  address = {M\"{u}nchen},
  hyphenation = {german},
  shorttitle = {R. u. K.},
  owner = {victor},
  timestamp = {2013.07.04}
}

@INBOOK{Ziegler1951,
  author = {Konrat Ziegler},
  title = {Plutarchos von Chaironeia},
  booktitle = {Paulys Real-Encyclop\"{a}die der classischen Altertumswissenschaft},
  address = {Stuttgart-Waldsee},
  year = {1951},
  pages = {636--962},
  hyphenation = {german},
  volume = {Hb. 41},
  shortbooktitle = {PRE},
  bookpagination = {column},
  owner = {victor},
  timestamp = {2014.02.25}
}

@INBOOK{TycheZiegler1948,
  author = {Konrat Ziegler},
  title = {Tyche},
  booktitle = {Paulys Real-Encyclop\"{a}die der classischen Altertumswissenschaft},
  address = {Stuttgart und Waldsee},
  year = {1948},
  pages = {1643--1696},
  hyphenation = {german},
  volume = {7},
  shortbooktitle = {PRE},
  bookpagination = {column},
  owner = {victor},
  timestamp = {2013.10.26}
}

@BOOK{Ziolkowski1992,
  author = {Adam Ziolkowski},
  title = {The Temples of Mid-Republican Rome and their Historical and Topographical
	Context},
  year = {1992},
  address = {Roma},
  hyphenation = {english},
  shorttitle = {The temples of Mid-Republican Rome},
  owner = {victor},
  timestamp = {2013.07.31}
}

@BOOK{Abramson1995,
  author = {М. Г. Абрамзон},
  title = {Монеты как средство пропаганды официальной политики Римской империи},
  year = {1995},
  address = {М.},
  hyphenation = {russian},
  shorttitle = {Монеты как средство пропаганды...},
  owner = {victor},
  timestamp = {2013.10.10}
}

@BOOK{Albrecht2005,
  author = {Михаэль фон Альбрехт},
  title = {История римской литературы},
  volume = {III},
  year = {2005},
  address = {М.},
  hyphenation = {russian},
  options = {useprefix=true},
  owner = {victor},
  timestamp = {2013.10.12}
}

@BOOK{Albrecht2004,
  author = {Михаэль фон Альбрехт},
  title = {История римской литературы},
  volume = {II},
  year = {2004},
  address = {М.},
  hyphenation = {russian},
  options = {useprefix=true},
  owner = {victor},
  timestamp = {2013.10.12}
}

@BOOK{Albrecht2003,
  author = {Михаэль фон Альбрехт},
  title = {История римской литературы},
  volume = {I},
  year = {2003},
  address = {М.},
  hyphenation = {russian},
  options = {useprefix=true},
  owner = {victor},
  timestamp = {2013.10.11}
}

@BOOK{Bokshchanin1981,
  author = {А. Г. Бокщанин},
  title = {Источниковедение древнего Рима},
  year = {1981},
  address = {М.},
  hyphenation = {russian},
  owner = {victor},
  timestamp = {2013.11.19}
}

@BOOK{Boissier1914,
  author = {Гастон Буассье},
  title = {Римская религия от времён Августа до Антонинов},
  year = {1914},
  address = {М.},
  hyphenation = {russian},
  owner = {victor},
  timestamp = {2013.08.02}
}

@BOOK{Deratani1954,
  author = {Н. Ф. Дератани and И. М. Нахов and К. П. Полонская and М. П. Чернявский},
  title = {История римской литературы},
  year = {1954},
  address = {М.},
  hyphenation = {russian},
  owner = {victor},
  timestamp = {2013.10.10}
}

@BOOK{Dumezil1986,
  author = {Ж. Дюмезиль},
  title = {Верховные боги индоевропейцев},
  year = {1986},
  address = {М.},
  hyphenation = {russian},
  owner = {victor},
  timestamp = {2013.10.10}
}

@BOOK{Knabe1981,
  author = {Г. С. Кнабе},
  title = {Корнелий Тацит. Время. Жизнь. Книги},
  year = {1981},
  address = {М.},
  hyphenation = {russian},
  shorttitle = {Корнелий Тацит},
  owner = {victor},
  timestamp = {2013.10.10}
}

@BOOK{Losev2001,
  author = {А. Ф. Лосев},
  title = {Диалектика мифа},
  year = {2001},
  address = {М.},
  hyphenation = {russian},
  owner = {victor},
  timestamp = {2013.10.10}
}

@BOOK{Losev1997,
  author = {А. Ф. Лосев},
  title = {Античная литература},
  year = {1997},
  address = {М.},
  hyphenation = {russian},
  owner = {victor},
  timestamp = {2013.10.10}
}

@INBOOK{Losev1983,
  author = {А. Ф. Лосев},
  title = {Плутарх. Очерк жизни и творчества},
  booktitle = {Плутарх. Сочинения},
  address = {М.},
  year = {1983},
  pages = {5--44},
  hyphenation = {russian},
  owner = {victor},
  timestamp = {2013.10.10}
}

@BOOK{Mashkin1949,
  author = {Н. А. Машкин},
  title = {Принципат Августа. Происхождение и социальная сущность},
  year = {1949},
  address = {М.-Л.},
  hyphenation = {russian},
  shorttitle = {Принципат Августа},
  owner = {victor},
  timestamp = {2014.03.20}
}

@BOOK{Majak2012,
  author = {И. Л. Маяк},
  title = {Римские древности по Авлу Геллию: история, право},
  year = {2012},
  address = {М.},
  hyphenation = {russian},
  shorttitle = {Римские древности~\textellipsis\isdot},
  owner = {victor},
  timestamp = {2013.07.04}
}

@INBOOK{Majak2005,
  author = {Маяк, И. Л.},
  title = {<<Римские древности>> Дионисия Галикарнасского как исторический источник},
  booktitle = {Дионисий Галикарнасский. Римские древности},
  address = {М.},
  year = {2005},
  pages = {243--269},
  hyphenation = {russian},
  volume = {3},
  owner = {victor},
  timestamp = {2013.10.10}
}

@BOOK{Majak1993,
  author = {И. Л. Маяк},
  title = {Римляне ранней Республики},
  year = {1993},
  address = {М.},
  hyphenation = {russian},
  owner = {victor},
  timestamp = {2013.07.04}
}

@INBOOK{Nemirovsky1987,
  author = {Немировский, А. И.},
  title = {Италийская мифология},
  booktitle = {Мифы народов мира},
  address = {М.},
  year = {1987},
  pages = {575--579},
  hyphenation = {russian},
  volume = {1},
  owner = {victor},
  timestamp = {2013.10.10}
}

@BOOK{Nemirovsky1964,
  author = {А. И. Немировский},
  title = {Идеология и культура раннего Рима},
  year = {1964},
  address = {Воронеж},
  hyphenation = {russian},
  owner = {victor},
  timestamp = {2013.07.04}
}

@BOOK{Smorchkov2012,
  author = {А. М. Сморчков},
  title = {Религия и власть в Римской республике},
  year = {2012},
  address = {М.},
  hyphenation = {russian},
  owner = {victor},
  timestamp = {2013.07.04}
}

@ARTICLE{Smorchkov2010,
  author = {А. М. Сморчков},
  title = {Храмовый обет (votum) в религиозно-политической практике республиканского
	Рима},
  journal = {Античный мир и археология},
  year = {2010},
  pages = {107--121},
  hyphenation = {russian},
  address = {Саратов},
  issue = {14},
  owner = {victor},
  timestamp = {2013.10.10}
}

@BOOK{Tokarev1990,
  author = {С. А. Токарев},
  title = {Ранние формы религии},
  year = {1990},
  address = {М.},
  hyphenation = {russian},
  owner = {victor},
  timestamp = {2014.02.05}
}

@BOOK{Tokarev1986,
  author = {С. А. Токарев},
  title = {Религия в истории народов мира},
  year = {1986},
  address = {М.},
  hyphenation = {russian},
  owner = {victor},
  timestamp = {2014.02.05}
}

@BOOK{Taine1900,
  author = {Тэн, И.},
  title = {Тит Ливий. Критическое исследование.},
  year = {1900},
  address = {М.},
  hyphenation = {russian},
  shorttitle = {Тит Ливий},
  owner = {victor},
  timestamp = {2013.10.10}
}

@ARTICLE{Freyberg1976,
  author = {Л.~А. Фрейберг},
  title = {<<Моралии>> Плутарха},
  journal = {ВДИ},
  year = {1976},
  pages = {219--229},
  hyphenation = {russian},
  number = {3},
  owner = {victor},
  timestamp = {2013.10.10}
}

@INBOOK{Fritz2007,
  author = {Курт фон Фриц},
  title = {Концепция Судьбы у Полибия и проблема развития его взглядов},
  booktitle = {Теория смешанной конституции в античности: критический анализ политических
	взглядов Полибия},
  address = {СПб},
  year = {2007},
  pages = {359--367},
  hyphenation = {russian},
  owner = {victor},
  timestamp = {2014.05.02}
}

@ARTICLE{Chistyakov1979,
  author = {Г. П. Чистяков},
  title = {Вступит. статья к переводу трактата Плутарха <<Об удаче римлян>>},
  journal = {ВДИ},
  year = {1979},
  pages = {233--235},
  hyphenation = {russian},
  number = {3},
  owner = {victor},
  timestamp = {2014.03.21}
}

@BOOK{Shayd2006,
  author = {Дж. Шайд},
  title = {Религия римлян},
  year = {2006},
  address = {М.},
  hyphenation = {russian},
  owner = {victor},
  timestamp = {2013.10.10}
}

@INBOOK{Shayd2006a,
  author = {Дж. Шайд},
  title = {Миф, культ и реальность в <<Фастах>> Овидия},
  booktitle = {Религия римлян},
  address = {М.},
  year = {2006},
  pages = {223--241},
  hyphenation = {russian},
  bookauthor = {Дж. Шайд},
  owner = {victor},
  timestamp = {2013.10.10}
}

@INBOOK{Shtaerman1988,
  author = {Штаерман, Е. М.},
  title = {Фортуна},
  booktitle = {Мифы народов мира},
  address = {М.},
  year = {1988},
  pages = {571},
  hyphenation = {russian},
  volume = {2},
  owner = {victor},
  timestamp = {2013.10.10}
}

@BOOK{Shtaerman1987,
  author = {Е. М. Штаерман},
  title = {Социальные основы религии древнего Рима},
  year = {1987},
  address = {М.},
  hyphenation = {russian},
  owner = {victor},
  timestamp = {2013.07.31}
}

@BOOK{Eliade2010,
  author = {Мирча Элиаде},
  title = {Аспекты мифа},
  year = {2010},
  address = {М.},
  hyphenation = {russian},
  owner = {victor},
  timestamp = {2014.03.18}
}

@BOOK{Eliade1999,
  author = {М. Элиаде},
  title = {Очерки сравнительного религиоведения},
  year = {1999},
  address = {М.},
  hyphenation = {russian},
  shorttitle = {Очерки~\textellipsis\isdot},
  owner = {victor},
  timestamp = {2013.07.08}
}

@BOOK{Enman1896,
  author = {А. Энман},
  title = {Легенда о римских царях, её происхождение и развитие},
  year = {1896},
  address = {СПб},
  hyphenation = {russian},
  shorttitle = {Легенда о римских царях},
  owner = {victor},
  timestamp = {2013.11.13}
}

@INBOOK{FortunaBrill2004,
  title = {Fortuna},
  booktitle = {Brill's New Pauly},
  address = {Leiden-Boston},
  year = {2004},
  pages = {505--509},
  hyphenation = {english},
  volume = {5},
  editor = {H. Cancik and H. Schneider},
  owner = {victor},
  timestamp = {2014.04.19}
}

@INBOOK{FortunaSmith1867,
  title = {Fortuna},
  booktitle = {A Dictionary of Greek and Roman Biography and Mythology},
  address = {Boston},
  year = {1867},
  pages = {180--181},
  hyphenation = {english},
  volume = {II},
  editor = {William Smith},
  owner = {victor},
  timestamp = {2014.04.19}
}

@BOOK{ArtePompei1989,
  title = {Arte e Storia di Pompei},
  year = {1989},
  address = {Firenze},
  hyphenation = {italian},
  owner = {victor},
  timestamp = {2014.05.21}
}

@BOOK{Calendar1983,
  title = {Календарные обычаи и обряды в странах зарубежной Европы. Исторические
	корни и развитие обычаев},
  year = {1983},
  address = {М.},
  hyphenation = {russian},
  shorttitle = {Календарные обычаи и обряды. Исторические корни},
  owner = {victor},
  timestamp = {2013.10.10}
}

@BOOK{Calendar1978,
  title = {Календарные обычаи и обряды в странах зарубежной Европы. Конец XIX
	--- начало XX в. Летне-осенние праздники},
  year = {1978},
  address = {М.},
  hyphenation = {russian},
  shorttitle = {Календарные обычаи и обряды. Летне-осенние праздники},
  owner = {victor},
  timestamp = {2013.08.02}
}

@BOOK{RomLit1962,
  title = {История римской литературы},
  publisher = {Изд-во АН СССР},
  volume = {2},
  year = {1962},
  address = {М.},
  hyphenation = {russian},
  owner = {victor},
  timestamp = {2013.10.10}
}

@BOOK{GreekLit1960,
  title = {История греческой литературы},
  publisher = {Изд-во АН СССР},
  volume = {3},
  year = {1960},
  address = {М.},
  hyphenation = {russian},
  owner = {victor},
  timestamp = {2013.10.10}
}

@BOOK{RomLit1959,
  title = {История римской литературы},
  publisher = {Изд-во АН СССР},
  volume = {1},
  year = {1959},
  address = {М.},
  hyphenation = {russian},
  owner = {victor},
  timestamp = {2013.10.10}
}

@INBOOK{ESBE1902,
  title = {Фортуна},
  booktitle = {Энциклопедический словарь Брокгауза и Ефрона},
  address = {СПб},
  year = {1902},
  pages = {320--321},
  hyphenation = {russian},
  volume = {XXXVI},
  shortbooktitle = {ЭСБЕ},
  owner = {victor},
  timestamp = {2013.10.10}
}

@Comment{jabref-meta: databaseType:bibtex;}
