% This file was created with JabRef 2.7b.
% Encoding: UTF-8

@ARTICLE{Colini1938source,
  author = {A. M. Colini},
  title = {Zona dei Fori Olitorio e Boario},
  journal = {Bullettino della Commissione Archeologica Comunale di Roma},
  year = {1938},
  pages = {279--82},
  hyphenation = {italian},
  number = {66},
  keywords = {source,archaeologia},
  owner = {victor},
  timestamp = {2014.03.19}
}

@BOOK{RRC_II,
  author = {Michael H. Crawford},
  title = {Roman Republican Coinage},
  volume = {II},
  year = {1974},
  address = {Camb.},
  hyphenation = {french},
  keywords = {source,coinage},
  owner = {victor},
  timestamp = {2014.05.16}
}

@BOOK{Degrassi1963,
  author = {Attilio Degrassi},
  title = {Inscriptiones Latinae Liberae Rei Publicae},
  volume = {II},
  year = {1963},
  address = {Firenze},
  hyphenation = {italian},
  keywords = {source,inscriptiones},
  owner = {victor},
  timestamp = {2014.05.16}
}

@BOOK{Degrassi1957,
  author = {Attilio Degrassi},
  title = {Inscriptiones Latinae Liberae Rei Publicae},
  volume = {I},
  year = {1957},
  address = {Firenze},
  hyphenation = {italian},
  keywords = {source,inscriptiones},
  owner = {victor},
  timestamp = {2014.05.16}
}

@BOOK{ILS_2_1,
  author = {Hermann Dessau},
  title = {Inscriptiones Latinae Selectae},
  volume = {II},
  year = {1902},
  address = {Berolini},
  hyphenation = {english},
  keywords = {source,inscriptiones},
  owner = {victor},
  part = {Pars I},
  timestamp = {2014.05.16}
}

@BOOK{Richardson1992source,
  author = {L. Richardson},
  title = {A New Topographical Dictionary of Ancient Rome},
  year = {1992},
  address = {Baltimore and London},
  hyphenation = {english},
  keywords = {source,archaeologia},
  owner = {victor},
  timestamp = {2013.10.05}
}

@ARTICLE{AurVict1964trans,
  author = {{Аврелий Виктор}},
  title = {История Рима (оконч.). Происхождение римского народа. О знаменитых
	людях},
  year = {1964},
  pages = {199--240},
  hyphenation = {russian},
  number = {2},
  credits = {пер. В.~С.~Соколова},
  journaltitle = {ВДИ},
  keywords = {source,scriptores,translationes},
  owner = {victor},
  timestamp = {2014.05.17}
}

@BOOK{Apuleus2008trans,
  author = {Апулей},
  title = {Золотой осёл},
  year = {2008},
  address = {М.},
  hyphenation = {russian},
  keywords = {source,scriptores,translationes},
  credits = {пер. и комм. М.~А.~Кузмина},
  owner = {victor},
  timestamp = {2014.05.17}
}

@BOOK{Arnobius2008trans,
  author = {Арнобий},
  title = {Против язычников},
  year = {2008},
  address = {СПб},
  hyphenation = {russian},
  keywords = {source,scriptores,translationes},
  owner = {victor},
  timestamp = {2014.05.17},
  translator = {Н.~М.~Дроздова}
}

@BOOK{ValMax2007trans,
  author = {{Валерий Максим}},
  title = {Достопамятные деяния и изречения},
  year = {2007},
  address = {СПб},
  hyphenation = {russian},
  keywords = {source,scriptores,translationes},
  owner = {victor},
  timestamp = {2014.05.17},
  translator = {С.~Ю.~Трохачева}
}

@BOOK{Varro1963trans,
  author = {Варрон},
  title = {Сельское хозяйство},
  year = {1963},
  address = {М.-Л.},
  hyphenation = {russian},
  keywords = {source,scriptores,translationes},
  credits = {пер. с латинского, комм. и вступит. статья М.~Е.~Сергеенко},
  owner = {victor},
  timestamp = {2014.05.17}
}

@BOOK{Suet1993trans,
  author = {{Гай Светоний Транквилл}},
  title = {Жизнь двенадцати цезарей},
  year = {1993},
  address = {М.},
  hyphenation = {russian},
  keywords = {source,scriptores,translationes},
  owner = {victor},
  timestamp = {2014.05.17},
  translator = {М.~Л.~Гаспарова}
}

@BOOK{DionHal2005,
  author = {{Дионисий Галикарнасский}},
  title = {Римские древности},
  editor = {И.~Л.~Маяк},
  year = {2005},
  address = {М.},
  hyphenation = {russian},
  keywords = {source,scriptores,translationes},
  editortype = {geneditor},
  owner = {victor},
  timestamp = {2014.05.17},
  volumes = {3}
}

@BOOK{Tertullian1994trans,
  author = {{Квинт Септимий Флорент Тертуллиан}},
  title = {Избранные сочинения},
  year = {1994},
  address = {М.},
  hyphenation = {russian},
  keywords = {source,scriptores,translationes},
  owner = {victor},
  timestamp = {2014.05.17}
}

@BOOK{Tacitus1993_I,
  author = {{Корнелий Тацит}},
  title = {Анналы. Малые произведения},
  volume = {I},
  year = {1993},
  address = {СПб},
  hyphenation = {russian},
  series = {Литературные памятники},
  keywords = {source,scriptores,translationes},
  maintitle = {Сочинения в 2 т.},
  owner = {victor},
  timestamp = {2014.05.17}
}

@BOOK{Tacitus1993_II,
  author = {{Корнелий Тацит}},
  title = {История},
  volume = {II},
  year = {1993},
  address = {СПб},
  hyphenation = {russian},
  series = {Литературные памятники},
  keywords = {source,scriptores,translationes},
  maintitle = {Сочинения в 2 т.},
  owner = {victor},
  timestamp = {2014.05.17}
}

@BOOK{SenEp1977trans,
  author = {{Луций Анней Сенека}},
  title = {Нравственные письма к Луцилию},
  editor = {М.~Л.~Гаспаров},
  year = {1977},
  address = {М.},
  hyphenation = {russian},
  keywords = {source,scriptores,translationes},
  credits = {издание подготовил С.~А.~Ошеров},
  editortype = {geneditor},
  owner = {victor},
  timestamp = {2014.05.17}
}

@BOOK{Plautus1987,
  author = {Плавт},
  title = {Комедии},
  year = {1987},
  address = {М.},
  hyphenation = {russian},
  keywords = {source,scriptores,translationes},
  owner = {victor},
  timestamp = {2014.05.16},
  volumes = {2}
}

@BOOK{PlutLives1994,
  author = {Плутарх},
  title = {Сравнительные жизнеописания в двух томах},
  volume = {I},
  year = {1994},
  address = {М.},
  hyphenation = {russian},
  keywords = {source,scriptores,translationes},
  owner = {victor},
  timestamp = {2014.05.17}
}

@ARTICLE{PlutDeFortRom1979,
  author = {Плутарх},
  title = {Об удаче римлян},
  year = {1979},
  pages = {233--251},
  hyphenation = {russian},
  number = {3},
  credits = {пер. и комм. Г.~П.~Чистякова и Э.~Г.~Юнца},
  journaltitle = {ВДИ},
  keywords = {source,scriptores,translationes},
  owner = {victor},
  timestamp = {2014.05.17}
}

@ARTICLE{PlutQuaeRom1976_1,
  author = {Плутарх},
  title = {Римские вопросы},
  year = {1976},
  pages = {230--252},
  hyphenation = {russian},
  number = {3},
  credits = {пер. и комм. Н.~В.~Бранигской},
  journaltitle = {ВДИ},
  keywords = {source,scriptores,translationes},
  owner = {victor},
  timestamp = {2014.05.17}
}

@ARTICLE{PlutQuaeRom1976_2,
  author = {Плутарх},
  title = {Римские вопросы (окончание)},
  year = {1976},
  pages = {185--255},
  hyphenation = {russian},
  number = {4},
  credits = {пер. и комм. Н.~В.~Бранигской},
  journaltitle = {ВДИ},
  keywords = {source,scriptores,translationes},
  owner = {victor},
  timestamp = {2014.05.17}
}

@BOOK{Ovid1973trans,
  author = {{Публий Овидий Назон}},
  title = {Элегии и малые поэмы},
  year = {1973},
  address = {М.},
  hyphenation = {russian},
  keywords = {source,scriptores,translationes},
  credits = {сост. и предисловие М.~Л.~Гаспарова; коммент. и ред. переводов М.~Гаспарова
	и С.~Ошерова},
  owner = {victor},
  timestamp = {2014.05.20},
  translator = {А.~Ф.~Петровского}
}

@BOOK{Livius2005,
  author = {{Тит Ливий}},
  title = {История Рима от основания города},
  editor = {М.~Л.~Гаспарова and Г.~С.~Кнабе},
  year = {2005},
  address = {М.},
  hyphenation = {russian},
  keywords = {source,translationes,scriptores},
  owner = {victor},
  timestamp = {2014.05.16},
  volumes = {3}
}

@BOOK{Cicero2000trans,
  author = {Цицерон},
  title = {О пределах блага и зла. Парадоксы стоиков},
  year = {2000},
  address = {М.},
  hyphenation = {russian},
  keywords = {source,translationes,scriptores},
  commentator = {Б.~М.~Никольского},
  owner = {victor},
  timestamp = {2014.05.17},
  translator = {М.~А.~Фёдорова}
}

@BOOK{Cicero1985trans,
  author = {Цицерон},
  title = {Философские трактаты},
  year = {1985},
  address = {М.},
  hyphenation = {russian},
  keywords = {source,translationes,scriptores},
  credits = {отв. ред. д.ф.н. Г.~Г.~Майоров},
  owner = {victor},
  timestamp = {2014.05.17},
  translator = {М.~И.~Рижского}
}

@BOOK{Cicero1962_I,
  author = {Цицерон},
  title = {81--63 гг. до н.э.},
  volume = {Том первый},
  year = {1962},
  address = {М.},
  hyphenation = {russian},
  keywords = {source,translationes,scriptores},
  credits = {Издание подготовили В.~О.~Горенштейн, М.~Е.~Грабарь-Пассек},
  maintitle = {Речи в двух томах},
  owner = {victor},
  timestamp = {2014.05.17},
  translator = {В.~О.~Горенштейна}
}

@BOOK{Fronto1988,
  title = {The Correspondence of Marcus Cornelius Fronto},
  editor = {C. R. Haines},
  volume = {II},
  year = {1988},
  address = {Cambridge (Mass.): Harv. University Press, London: Heinemann},
  hyphenation = {english},
  keywords = {source,scriptores,originales},
  owner = {victor},
  timestamp = {2014.05.16}
}

@BOOK{Fronto1919,
  title = {The Correspondence of Marcus Cornelius Fronto},
  editor = {C. R. Haines},
  volume = {I},
  year = {1919},
  address = {London: Heinemann, New York: Putman's},
  hyphenation = {english},
  keywords = {source,scriptores,originales},
  owner = {victor},
  timestamp = {2014.05.16}
}

@BOOK{RemainsofLatin1935,
  title = {Livius Andronicus, Naevius, Pacuvius and Accius},
  editor = {T.~E.~Page and E.~Capps and W.~H.~D.~Rouse},
  volume = {II},
  year = {1935},
  address = {Cambridge (Mass.): Harv. University Press, London: Heinemann},
  hyphenation = {english},
  keywords = {source,scriptores,originales},
  maintitle = {Remains of Old Latin},
  owner = {victor},
  timestamp = {2014.05.17}
}

@BOOK{PlutVitae1956,
  title = {Plutarchi Vitae Parallelae. Vol. I--III},
  publisher = {Teubner},
  year = {1956--1973},
  address = {Lpz.},
  keywords = {source,scriptores,originales},
  credits = {recognoverunt Cl.~Lindskog et K.~Ziegler},
  owner = {victor},
  timestamp = {2014.05.20}
}

@BOOK{Pliny1938,
  title = {Pliny. Natural History. In 10 volumes},
  publisher = {Cambridge (Mass.): Harvard University Press, London: Heinemann},
  year = {1938--1967},
  hyphenation = {english},
  keywords = {source,scriptores,originales},
  credits = {with an English translation by H.~Rackham},
  owner = {victor},
  timestamp = {2014.05.19}
}

@BOOK{Livius,
  title = {Titi Livii Ab urbe condita. Tom. I--VI},
  publisher = {E typographio clarendoniano},
  year = {1935--1999},
  address = {Oxonii},
  hyphenation = {english},
  keywords = {source,scriptores,originales},
  owner = {victor},
  timestamp = {2014.05.20}
}

@BOOK{RIC_I_1984,
  title = {The Roman Imperial Coinage},
  volume = {I},
  year = {1984},
  address = {London},
  hyphenation = {english},
  edition = {Revised Ed.},
  keywords = {source,coinage},
  owner = {victor},
  timestamp = {2014.05.16}
}

@BOOK{Moralia1974Teubner,
  title = {Plutarchi Moralia},
  publisher = {Teubner},
  volume = {I},
  year = {1974},
  address = {Lpz.},
  hyphenation = {english},
  keywords = {source,scriptores,originales},
  credits = {recensuerunt et emendaverunt W.~R.~Paton et I.~Wegehaupt},
  owner = {victor},
  timestamp = {2014.05.16}
}

@BOOK{Moralia1971Teubner,
  title = {Plutarchi Moralia},
  publisher = {Teubner},
  volume = {II},
  year = {1971},
  address = {Lpz.},
  hyphenation = {english},
  keywords = {source,scriptores,originales},
  credits = {recensuerunt et emendaverunt W.~Nachst\"{a}dt, W.~Sieveking, J.~B.~Titchener},
  owner = {victor},
  timestamp = {2014.05.16}
}

@BOOK{DioVII_1955,
  title = {Dio's Roman History},
  volume = {VII},
  year = {1955},
  address = {Cambridge (Mass.): Harv. University Press, London: Heinemann},
  hyphenation = {english},
  keywords = {source,scriptores,originales},
  credits = {with an English translation by E.~Cary, Ph.D.},
  owner = {victor},
  timestamp = {2014.05.17}
}

@BOOK{DioChrys1951_V,
  title = {Dio Chrysostom},
  volume = {V},
  year = {1951},
  address = {Cambridge (Mass.): Harv. University Press, London: Heinemann},
  hyphenation = {english},
  keywords = {source,scriptores,originales},
  credits = {with an English translation by H. Lamar Crosby},
  owner = {victor},
  timestamp = {2014.05.17}
}

@BOOK{RIC_III_1930,
  title = {The Roman Imperial Coinage},
  volume = {III},
  year = {1930},
  address = {London},
  hyphenation = {english},
  keywords = {source,coinage},
  owner = {victor},
  timestamp = {2014.05.16}
}

@BOOK{CIL_VI_Add_1912,
  title = {Corpus Inscriptionum Latinarum},
  volume = {VI},
  year = {1912},
  address = {Berolini},
  hyphenation = {english},
  keywords = {source,inscriptiones},
  owner = {victor},
  part = {Additamenta},
  timestamp = {2014.05.16}
}

@BOOK{AurVict1911,
  title = {Sexti Aurelii Victoris Liber de Caesaribus. Praecedunt Origo gentis
	Romanae et Liber de viris illustribus urbis Romae; subsequitur Epitome
	de Caesaribus},
  publisher = {Teubner},
  year = {1911},
  address = {Lpz.},
  hyphenation = {english},
  keywords = {source,scriptores,originales},
  credits = {ed. Franz Pichlmayr},
  owner = {victor},
  timestamp = {2014.05.20}
}

@BOOK{VarroDeLL1910,
  title = {M. Terenti Varronis De lingua Latina quae supersunt},
  publisher = {Teubner},
  year = {1910},
  address = {Lipsiae},
  hyphenation = {english},
  keywords = {source,scriptores,originales},
  credits = {recensuerunt G. Goetz et F. Schoell},
  owner = {victor},
  timestamp = {2014.05.17}
}

@BOOK{TacHist1900,
  title = {P. Corneli Taciti Historiae. Cum fragmentis et supplementis},
  publisher = {J. B. Wolters},
  year = {1900},
  address = {Groningen},
  hyphenation = {english},
  keywords = {source,scriptores,originales},
  credits = {rec. J. Van der Vliet},
  owner = {victor},
  timestamp = {2014.05.19}
}

@BOOK{Vitruv1899,
  title = {Vitruvii De architectura libri decem},
  publisher = {Teubner},
  year = {1899},
  address = {Lipsiae},
  hyphenation = {english},
  keywords = {source,scriptores,originales},
  credits = {Iterum edidit Valentinus Rose},
  owner = {victor},
  timestamp = {2014.05.17}
}

@BOOK{Suetonius1898,
  title = {C. Suetoni Tranquilli Quae supersunt omnia},
  publisher = {Teubner},
  year = {1898},
  address = {Lipsiae},
  hyphenation = {english},
  keywords = {source,scriptores,originales},
  credits = {recensuit Carolus Ludovicus Roth},
  owner = {victor},
  timestamp = {2014.05.18}
}

@BOOK{CIL_I_1893,
  title = {Corpus Inscriptionum Latinarum},
  volume = {I},
  year = {1893},
  address = {Berolini},
  hyphenation = {english},
  edition = {Ed. Altera},
  keywords = {source,inscriptiones},
  owner = {victor},
  timestamp = {2014.05.16}
}

@BOOK{HorCarm1883,
  title = {Q. Horatii Flacci Carmina},
  publisher = {Teubner},
  year = {1883},
  address = {Lipsiae},
  hyphenation = {english},
  keywords = {source,scriptores,originales},
  credits = {iterum recognovit Lucianus Mueller},
  owner = {victor},
  timestamp = {2014.05.19}
}

@BOOK{Augustin1877,
  title = {Sancti Aurelii Augustini episcopi De civitate Dei libri XXII},
  publisher = {Teubner},
  volume = {I},
  year = {1877},
  address = {Lipsiae},
  hyphenation = {english},
  keywords = {source,scriptores,originales},
  owner = {victor},
  timestamp = {2014.05.17}
}

@BOOK{CIL_VI_1_1876,
  title = {Corpus Inscriptionum Latinarum},
  volume = {VI},
  year = {1876},
  address = {Berolini},
  hyphenation = {english},
  keywords = {source,inscriptiones},
  owner = {victor},
  part = {Pars 1},
  timestamp = {2014.05.16}
}

@BOOK{Arnobius1875,
  title = {Arnobii Adversus nationes libri VII},
  publisher = {Apud C. Geroldi filium bibliopolam academiae},
  year = {1875},
  address = {Vindobonae},
  hyphenation = {english},
  keywords = {source,scriptores,originales},
  credits = {recensuit et commentario critico instruxit A.~Reifferscheid},
  owner = {victor},
  timestamp = {2014.05.19}
}

@BOOK{Nonius1872,
  title = {Nonii Marcelli De compediosa doctrina ad filii},
  year = {1872},
  address = {Parisiis},
  hyphenation = {english},
  keywords = {source,scriptores,originales},
  credits = {Lud. Quicherat},
  owner = {victor},
  timestamp = {2014.05.16}
}

@BOOK{ValMax1865,
  title = {Valeri Maximi Factorum et dictorum memorabilium libri novem},
  publisher = {Teubner},
  year = {1865},
  address = {Lpz.},
  hyphenation = {english},
  keywords = {source,scriptores,originales},
  credits = {rec. K.~Halm},
  owner = {victor},
  timestamp = {2014.05.18}
}

@BOOK{OvidFast1846,
  title = {Publii Ovidii Nasonis Fasti},
  publisher = {Parker, Strand},
  year = {1846},
  address = {London},
  keywords = {source,scriptores,originales},
  credits = {from the text of J.~P.~Krebs carefully revised},
  owner = {victor},
  timestamp = {2014.05.19}
}

@BOOK{ApulMet1842,
  title = {L. Apuleii Opera omnia ex fide optimorum codicum aut primum aut denuo
	collatorum},
  publisher = {Sumptibus C. Cnoblochii},
  year = {1842},
  address = {Lpz.},
  hyphenation = {english},
  keywords = {source,scriptores,originales},
  credits = {ed. Dr. G. F. Hildebrand},
  owner = {victor},
  part = {Pars I. Prolegomena et Metamorphosen libros continens},
  timestamp = {2014.05.19}
}

@BOOK{FCG_IV_1841,
  title = {Fragmenta comicorum Graecorum},
  publisher = {C.~Reimer},
  volume = {IV},
  year = {1841},
  address = {Berolini},
  hyphenation = {english},
  keywords = {source,scriptores,originales},
  credits = {collegit et disposuit A.~Meineke},
  owner = {victor},
  timestamp = {2014.05.22}
}

@BOOK{TacAnn1829,
  title = {P. Cornelii Taciti Annales},
  publisher = {Teubner},
  year = {1829},
  address = {Lipsiae},
  hyphenation = {english},
  keywords = {source,scriptores,originales},
  credits = {recognovit, annotationem criticam adiecit Th.~Kiesslingius},
  owner = {victor},
  timestamp = {2014.05.19}
}

@BOOK{TertOpera1828,
  title = {Q. Septimii Florentis Tertulliani Opera. Vol. I--V},
  publisher = {Apud Ioh. Christian. Hendel},
  year = {1828},
  address = {Halae Magdeburgicae},
  hyphenation = {english},
  keywords = {source,scriptores,originales},
  credits = {recensuit Ioh. Salomo Semler},
  owner = {victor},
  timestamp = {2014.05.19}
}

@BOOK{Festus1826,
  title = {Sexti Pompeii Festi De verborum significatu libri XX},
  volume = {II},
  year = {1826},
  address = {Londini},
  hyphenation = {english},
  keywords = {source,scriptores,originales},
  credits = {ex editione A.~Dacerii},
  owner = {victor},
  timestamp = {2014.05.17}
}

@comment{jabref-meta: selector_publisher:}

@comment{jabref-meta: selector_author:}

@comment{jabref-meta: selector_journal:}

@comment{jabref-meta: selector_keywords:}

